<record xmlns="http://www.loc.gov/MARC21/slim" xmlns:xsi="http://www.w3.org/2001/XMLSchema-instance" xsi:schemaLocation="http://www.loc.gov/MARC21/slim http://www.loc.gov/standards/marcxml/schema/MARC21slim.xsd"><leader>02326nam a2200469   4500</leader><controlfield tag="001">3527892</controlfield><controlfield tag="003">NIC</controlfield><controlfield tag="006">m        d        </controlfield><controlfield tag="007">cr cn |||m|||a</controlfield><controlfield tag="008">150222s1964    iq      ob    000 0 ara  </controlfield><datafield ind1=" " ind2=" " tag="040"><subfield code="a">NNU</subfield><subfield code="b">eng</subfield><subfield code="e">rda</subfield><subfield code="c">NNU</subfield></datafield><datafield ind1="0" ind2="0" tag="050"><subfield code="a">PJ6161</subfield><subfield code="b">.M33</subfield></datafield><datafield ind1="1" ind2=" " tag="100"><subfield code="6">880-01</subfield><subfield code="a">Mat&#803;lu&#772;b, Ah&#803;mad.</subfield></datafield><datafield ind1="1" ind2="3" tag="245"><subfield code="6">880-02</subfield><subfield code="a">al-Bala&#772;ghah &#699;inda al-Sakka&#772;ki&#772; /</subfield><subfield code="c">[ta&#700;li&#772;f] Ah&#803;mad Mat&#803;lu&#772;b.</subfield></datafield><datafield ind1=" " ind2=" " tag="250"><subfield code="6">880-03</subfield><subfield code="a">[al-T&#803;ab&#699;ah 1].</subfield></datafield><datafield ind1=" " ind2=" " tag="260"><subfield code="6">880-04</subfield><subfield code="a">Baghda&#772;d :</subfield><subfield code="b">Maktabat al-Nahd&#803;ah,</subfield><subfield code="c">[1964]</subfield></datafield><datafield ind1=" " ind2=" " tag="300"><subfield code="a">online resource (484 pages)</subfield></datafield><datafield ind1=" " ind2=" " tag="336"><subfield code="a">text</subfield><subfield code="2">rdacontent</subfield></datafield><datafield ind1=" " ind2=" " tag="337"><subfield code="a">computer</subfield><subfield code="2">rdamedia</subfield></datafield><datafield ind1=" " ind2=" " tag="338"><subfield code="a">online resource</subfield><subfield code="2">rdacarrier</subfield></datafield><datafield ind1=" " ind2=" " tag="500"><subfield code="6">880-05</subfield><subfield code="a">Ja&#772;mi&#699;at al-Qa&#772;hirah -- Risa&#772;lat al-majisti&#772;r.</subfield></datafield><datafield ind1=" " ind2=" " tag="500"><subfield code="a">Part of the Arabic Collections Online (ACO) project, contributed by Cornell University Libraries.</subfield></datafield><datafield ind1=" " ind2=" " tag="504"><subfield code="a">Includes bibliographical references (pages 404-420).</subfield></datafield><datafield ind1=" " ind2=" " tag="533"><subfield code="a">Electronic reproduction.</subfield><subfield code="b">New York, N.Y. :</subfield><subfield code="c">New York University,</subfield><subfield code="d">2015.</subfield><subfield code="5">NNU</subfield></datafield><datafield ind1="1" ind2="0" tag="600"><subfield code="6">880-06</subfield><subfield code="a">Sakka&#772;ki&#772;, Yu&#772;suf ibn Abi&#772; Bakr,</subfield><subfield code="d">1160-</subfield></datafield><datafield ind1=" " ind2="0" tag="650"><subfield code="a">Arabic language</subfield><subfield code="x">Rhetoric.</subfield></datafield><datafield ind1="1" ind2="4" tag="600"><subfield code="a">Sakka&#772;ki&#772;, Yu&#772;suf ibn Abi&#772; Bakr.</subfield></datafield><datafield ind1="1" ind2="7" tag="600"><subfield code="a">Sakka&#772;ki&#772;, Yu&#772;suf ibn Abi&#772; Bakr,</subfield><subfield code="d">1160-</subfield><subfield code="2">fast</subfield><subfield code="0">(OCoLC)fst01845447</subfield></datafield><datafield ind1=" " ind2="7" tag="650"><subfield code="a">Arabic language</subfield><subfield code="x">Rhetoric.</subfield><subfield code="2">fast</subfield><subfield code="0">(OCoLC)fst00812415</subfield></datafield><datafield ind1="2" ind2=" " tag="710"><subfield code="a">Cornell University.</subfield><subfield code="b">Libraries.</subfield></datafield><datafield ind1="0" ind2=" " tag="730"><subfield code="a">Arabic Collections Online.</subfield></datafield><datafield ind1="0" ind2="8" tag="776"><subfield code="i">Online version:</subfield><subfield code="a">Mat&#803;lu&#772;b, Ah&#803;mad.</subfield><subfield code="t">Bala&#772;ghah &#699;inda al-Sakka&#772;ki&#772;.</subfield><subfield code="b">[al-T&#803;ab&#699;ah al-&#700;ula&#769;].</subfield><subfield code="d">Baghda&#772;d, Maktabat al-Nahd&#803;ah [1964]</subfield><subfield code="w">(OCoLC)576671001</subfield></datafield><datafield ind1="0" ind2="8" tag="776"><subfield code="i">Print version:</subfield><subfield code="a">Mat&#803;lu&#772;b, Ah&#803;mad.</subfield><subfield code="t">al-Bala&#772;ghah &#699;inda al-Sakka&#772;ki&#772;</subfield><subfield code="w">(NIC)3527892</subfield><subfield code="w">(DLC)ne 65001063 </subfield><subfield code="w">(OCoLC)10214835</subfield></datafield><datafield ind1="4" ind2="0" tag="856"><subfield code="u">http://hdl.handle.net/2333.1/1g1jwvzq</subfield></datafield><datafield ind1="1" ind2=" " tag="880"><subfield code="6">100-01/r</subfield><subfield code="a">&#1605;&#1591;&#1604;&#1608;&#1576;&#1548; &#1571;&#1581;&#1605;&#1583;.</subfield></datafield><datafield ind1="1" ind2="2" tag="880"><subfield code="6">245-02/r</subfield><subfield code="a">&#1575;&#1604;&#1576;&#1604;&#1575;&#1594;&#1577; &#1593;&#1606;&#1583; &#1575;&#1604;&#1587;&#1603;&#1575;&#1603;&#1610; /</subfield><subfield code="c">[&#1578;&#1571;&#1604;&#1610;&#1601;] &#1575;&#1581;&#1605;&#1583; &#1605;&#1591;&#1604;&#1608;&#1576;.</subfield></datafield><datafield ind1=" " ind2=" " tag="880"><subfield code="6">250-03/r</subfield><subfield code="a">[&#1575;&#1604;&#1591;&#1576;&#1593;&#1577; 1].</subfield></datafield><datafield ind1=" " ind2=" " tag="880"><subfield code="6">260-04/r</subfield><subfield code="a">&#1576;&#1594;&#1583;&#1575;&#1583; :</subfield><subfield code="b">&#1605;&#1603;&#1578;&#1576;&#1577; &#1575;&#1604;&#1606;&#1607;&#1590;&#1577;&#1548;</subfield><subfield code="c">[1964]</subfield></datafield><datafield ind1=" " ind2=" " tag="880"><subfield code="6">500-05/r</subfield><subfield code="a">&#1580;&#1575;&#1605;&#1593;&#1577; &#1575;&#1604;&#1602;&#1575;&#1607;&#1585;&#1577;-- &#1585;&#1587;&#1575;&#1604;&#1577; &#1575;&#1604;&#1605;&#1580;&#1587;&#1578;&#1610;&#1585;.</subfield></datafield><datafield ind1="1" ind2="4" tag="880"><subfield code="6">600-06/r</subfield><subfield code="a">&#1587;&#1603;&#1575;&#1603;&#1610;&#1548; &#1610;&#1608;&#1587;&#1601; &#1576;&#1606; &#1571;&#1576;&#1610; &#1576;&#1603;&#1585;&#1548;,</subfield><subfield code="d">1160-</subfield></datafield><datafield ind1=" " ind2=" " tag="959"><subfield code="a">NNU</subfield><subfield code="b">WEB</subfield><subfield code="c">GENI</subfield><subfield code="t">0</subfield><subfield code="m">Electronic access</subfield><subfield code="s">01</subfield></datafield><datafield ind1=" " ind2=" " tag="999"><subfield code="i">NIC_3527892</subfield><subfield code="o">(OCoLC)ocm10214835 </subfield><subfield code="s">cornell_aco000139</subfield></datafield></record>